<record><leader>00000cas a22000007a 4500</leader><controlfield tag="001">13585320</controlfield><controlfield tag="008">860519d18781879paudn ne      0    0eng d</controlfield><datafield ind1=" " ind2=" " tag="010"><subfield code="a">sn 86082010 </subfield></datafield><datafield ind1=" " ind2=" " tag="040"><subfield code="a">NPH</subfield><subfield code="b">eng</subfield><subfield code="c">NPH</subfield><subfield code="d">OCLCQ</subfield></datafield><datafield ind1=" " ind2=" " tag="042"><subfield code="a">msc</subfield></datafield><datafield ind1="0" ind2=" " tag="130"><subfield code="a">Daily breeze (Bradford, Pa.)</subfield></datafield><datafield ind1="1" ind2="4" tag="245"><subfield code="a">The daily breeze.</subfield></datafield><datafield ind1="1" ind2="3" tag="246"><subfield code="a">Bradford daily breeze</subfield></datafield><datafield ind1=" " ind2=" " tag="260"><subfield code="a">Bradford, Pa. :</subfield><subfield code="b">[s.n.],</subfield><subfield code="c">-1879.</subfield></datafield><datafield ind1=" " ind2=" " tag="300"><subfield code="a">v. ;</subfield><subfield code="c">65 cm.</subfield></datafield><datafield ind1=" " ind2=" " tag="310"><subfield code="a">Daily (except Sun.)</subfield></datafield><datafield ind1="0" ind2=" " tag="362"><subfield code="a">-v. 4, no. 156 (Mar. 1, 1879).</subfield></datafield><datafield ind1="1" ind2=" " tag="362"><subfield code="a">Began Sept. 1878.</subfield><subfield code="z">Cf. Rossell, G.E., Pa. newspapers, 1978.</subfield></datafield><datafield ind1=" " ind2=" " tag="588"><subfield code="a">Description based on: Vol. 1, no. 105 (Dec. 31, 1878).</subfield></datafield><datafield ind1=" " ind2=" " tag="752"><subfield code="a">United States</subfield><subfield code="b">Pennsylvania</subfield><subfield code="c">McKean</subfield><subfield code="d">Bradford.</subfield></datafield><datafield ind1="0" ind2="7" tag="785"><subfield code="t">Bradford daily era</subfield><subfield code="w">(DLC)sn 86082021</subfield></datafield><datafield ind1="0" ind2="7" tag="785"><subfield code="t">Era (Bradford, Pa.)</subfield><subfield code="w">(DLC)sn 86082022</subfield></datafield></record>